@book{GoF,
  title={Design Patterns: Elements of Reusable Object-Oriented Software},
  author={Gamma et alii},
  year={1995},
  publisher={Addison-Wesley Publishing Company}
}
