@book{GoF,
  title={Design Patterns: Elements of Reusable Object-Oriented Software},
  author={Erich Gamma and Richard Helm and Ralph Johnson and John Vlissides},
  year={1995},
  publisher={Addison-Wesley Publishing Company}
}
